<record><leader>00000cas a22000001a 4500</leader><controlfield tag="001">34923411</controlfield><controlfield tag="007">hd afu---bucu</controlfield><controlfield tag="008">960613d17591928riuwr nea     0    0eng c</controlfield><datafield ind1=" " ind2=" " tag="010"><subfield code="a">  2004252397</subfield></datafield><datafield ind1=" " ind2=" " tag="040"><subfield code="a">BOS</subfield><subfield code="b">eng</subfield><subfield code="c">BOS</subfield><subfield code="d">OCL</subfield><subfield code="d">OCLCQ</subfield><subfield code="d">WAU</subfield><subfield code="d">OCLCQ</subfield><subfield code="d">OCLCF</subfield><subfield code="d">OCLCO</subfield><subfield code="d">OCLCQ</subfield></datafield><datafield ind1=" " ind2=" " tag="042"><subfield code="a">pcc</subfield></datafield><datafield ind1=" " ind2=" " tag="043"><subfield code="a">n-us-ri</subfield></datafield><datafield ind1=" " ind2="4" tag="050"><subfield code="a">AN20.R4</subfield><subfield code="b">N49</subfield></datafield><datafield ind1="0" ind2=" " tag="130"><subfield code="a">Newport mercury (Newport, R.I. : 1759)</subfield></datafield><datafield ind1="1" ind2="4" tag="245"><subfield code="a">The Newport mercury.</subfield></datafield><datafield ind1="1" ind2=" " tag="246"><subfield code="i">Issue for Nov. 6, 1775 published as:</subfield><subfield code="a">Occasional paper, containing the most important and authentic advices</subfield></datafield><datafield ind1="1" ind2=" " tag="246"><subfield code="i">Issues for Nov. 13-27, 1775 published as:</subfield><subfield code="a">Freshest advices, foreign and domestic</subfield></datafield><datafield ind1="3" ind2=" " tag="246"><subfield code="a">Newport weekly mercury</subfield></datafield><datafield ind1="3" ind2=" " tag="246"><subfield code="a">Weekly Newport mercury</subfield></datafield><datafield ind1=" " ind2=" " tag="260"><subfield code="a">Newport, R.I. :</subfield><subfield code="b">Printed by J. Franklin,</subfield><subfield code="c">-1928.</subfield></datafield><datafield ind1=" " ind2=" " tag="300"><subfield code="a">volumes</subfield></datafield><datafield ind1=" " ind2=" " tag="310"><subfield code="a">Weekly</subfield></datafield><datafield ind1=" " ind2=" " tag="336"><subfield code="a">text</subfield><subfield code="b">txt</subfield><subfield code="2">rdacontent</subfield></datafield><datafield ind1=" " ind2=" " tag="337"><subfield code="a">microform</subfield><subfield code="b">h</subfield><subfield code="2">rdamedia</subfield></datafield><datafield ind1=" " ind2=" " tag="338"><subfield code="a">microfilm reel</subfield><subfield code="b">hd</subfield><subfield code="2">rdacarrier</subfield></datafield><datafield ind1="1" ind2=" " tag="362"><subfield code="a">Began in 1759.</subfield></datafield><datafield ind1="0" ind2=" " tag="362"><subfield code="a">-whole no. 9699 (Apr. 28, 1928).</subfield></datafield><datafield ind1=" " ind2=" " tag="500"><subfield code="a">"Weekly" appears above title ornament, June 7, 1873-Dec. 25, 1880.</subfield></datafield><datafield ind1=" " ind2=" " tag="515"><subfield code="a">Suspended Nov. 25, 1776; resumed Jan. 5, 1780.</subfield></datafield><datafield ind1=" " ind2=" " tag="515"><subfield code="a">Issues for Jan. 1, 1881-Apr. 28, 1928 called also vol. 122, no. 25-v. 170, no. 47.</subfield></datafield><datafield ind1=" " ind2=" " tag="580"><subfield code="a">Daily ed.: Newport evening mercury, 1853-1854.</subfield></datafield><datafield ind1=" " ind2=" " tag="580"><subfield code="a">Daily ed.: Newport daily news, Mar 4, 1846-</subfield></datafield><datafield ind1=" " ind2=" " tag="588"><subfield code="a">Description based on: No. 40 (Mar. 20, 1759).</subfield></datafield><datafield ind1=" " ind2=" " tag="533"><subfield code="a">Microfilm.</subfield><subfield code="b">New Canaan, Ct. :</subfield><subfield code="c">Readex Microprint Corp.</subfield><subfield code="e">microfilm reels ; 35 mm.</subfield><subfield code="f">(Early American newspapers).</subfield><subfield code="n">Filmed with: Newport mercury, or, The weekly advertiser.</subfield><subfield code="n">Imprint varies: Naples, FL : Newsbank/Readex.</subfield></datafield><datafield ind1=" " ind2="0" tag="651"><subfield code="a">Newport (R.I.)</subfield><subfield code="v">Newspapers.</subfield></datafield><datafield ind1=" " ind2="0" tag="651"><subfield code="a">Newport County (R.I.)</subfield><subfield code="v">Newspapers.</subfield></datafield><datafield ind1=" " ind2="7" tag="651"><subfield code="a">Rhode Island</subfield><subfield code="z">Newport.</subfield><subfield code="2">fast</subfield><subfield code="0">(OCoLC)fst01210119</subfield></datafield><datafield ind1=" " ind2="7" tag="651"><subfield code="a">Rhode Island</subfield><subfield code="z">Newport County.</subfield><subfield code="2">fast</subfield><subfield code="0">(OCoLC)fst01211877</subfield></datafield><datafield ind1=" " ind2="7" tag="655"><subfield code="a">Newspapers.</subfield><subfield code="2">fast</subfield><subfield code="0">(OCoLC)fst01423814</subfield></datafield><datafield ind1=" " ind2=" " tag="752"><subfield code="a">United States</subfield><subfield code="b">Rhode Island</subfield><subfield code="c">Newport</subfield><subfield code="d">Newport.</subfield></datafield><datafield ind1="1" ind2=" " tag="775"><subfield code="t">Newport evening Mercury</subfield></datafield><datafield ind1="1" ind2=" " tag="776"><subfield code="c">Original</subfield><subfield code="w">(DLC)sn 83021176</subfield><subfield code="w">(OCoLC)9874475</subfield></datafield><datafield ind1="0" ind2="0" tag="780"><subfield code="t">Newport Mercury, or, The weekly advertiser</subfield><subfield code="w">(DLC)  2004252396</subfield><subfield code="w">(OCoLC)34923469</subfield></datafield><datafield ind1="0" ind2="7" tag="785"><subfield code="t">Newport journal and weekly news</subfield></datafield><datafield ind1="0" ind2="7" tag="785"><subfield code="t">Newport Mercury and weekly news</subfield></datafield><datafield ind1=" " ind2="0" tag="830"><subfield code="a">Early American newspapers.</subfield></datafield><datafield ind1="1" ind2=" " tag="029"><subfield code="a">AU@</subfield><subfield code="b">000025472555</subfield></datafield></record>